<record><leader>00000cas a2200000 a 4500</leader><controlfield tag="001">2351303</controlfield><controlfield tag="008">760803d18401841nyuwr ne      0   a0eng  </controlfield><datafield ind1=" " ind2=" " tag="010"><subfield code="a">   34008758 </subfield><subfield code="z">sn 99066011 </subfield></datafield><datafield ind1=" " ind2=" " tag="040"><subfield code="a">DLC</subfield><subfield code="b">eng</subfield><subfield code="c">KSU</subfield><subfield code="d">NPX</subfield><subfield code="d">NPA</subfield><subfield code="d">YOX</subfield><subfield code="d">DLC</subfield><subfield code="d">KNP</subfield><subfield code="d">NYG</subfield><subfield code="d">NSD</subfield><subfield code="d">NVH</subfield><subfield code="d">NYS</subfield><subfield code="d">DLC</subfield><subfield code="d">NYG</subfield><subfield code="d">DLC</subfield><subfield code="d">NYG</subfield><subfield code="d">DLC</subfield><subfield code="d">NVF</subfield><subfield code="d">DLC</subfield><subfield code="d">OCL</subfield><subfield code="d">CVF</subfield><subfield code="d">IUL</subfield><subfield code="d">DLC</subfield><subfield code="d">NYS</subfield><subfield code="d">OCLCQ</subfield><subfield code="d">OCLCG</subfield><subfield code="d">CRL</subfield><subfield code="d">CGU</subfield><subfield code="d">DLC</subfield><subfield code="d">KRTAS</subfield><subfield code="d">CUI</subfield><subfield code="d">OCLCQ</subfield><subfield code="d">OCLCF</subfield><subfield code="d">OCLCO</subfield><subfield code="d">OCL</subfield><subfield code="d">HUL</subfield><subfield code="d">DLC</subfield><subfield code="d">HUL</subfield></datafield><datafield ind1=" " ind2=" " tag="019"><subfield code="a">213709762</subfield></datafield><datafield ind1="0" ind2=" " tag="022"><subfield code="a">2380-6826</subfield><subfield code="l">2380-6826</subfield><subfield code="2">1</subfield></datafield><datafield ind1=" " ind2=" " tag="042"><subfield code="a">pcc</subfield><subfield code="a">premarc</subfield><subfield code="a">nsdp</subfield></datafield><datafield ind1=" " ind2=" " tag="043"><subfield code="a">n-us---</subfield><subfield code="a">n-us-ny</subfield></datafield><datafield ind1="0" ind2="0" tag="050"><subfield code="a">Newspaper 8995-A</subfield></datafield><datafield ind1="0" ind2="0" tag="050"><subfield code="a">E390</subfield><subfield code="b">.L65</subfield></datafield><datafield ind1="1" ind2="0" tag="082"><subfield code="a">070</subfield><subfield code="2">23</subfield></datafield><datafield ind1="0" ind2=" " tag="130"><subfield code="a">Log cabin (New York, N.Y.)</subfield></datafield><datafield ind1=" " ind2="4" tag="222"><subfield code="a">The log cabin</subfield><subfield code="b">(New York, N.Y.)</subfield></datafield><datafield ind1="1" ind2="4" tag="245"><subfield code="a">The log cabin.</subfield></datafield><datafield ind1=" " ind2=" " tag="260"><subfield code="a">New-York [N.Y.] :</subfield><subfield code="b">H. Greeley &amp; Co.,</subfield><subfield code="c">1840-1841.</subfield></datafield><datafield ind1=" " ind2=" " tag="300"><subfield code="a">v. :</subfield><subfield code="b">ill. ;</subfield><subfield code="c">53 cm.</subfield></datafield><datafield ind1=" " ind2=" " tag="310"><subfield code="a">Weekly</subfield></datafield><datafield ind1="0" ind2=" " tag="362"><subfield code="a">Vol. 1, no. 1 (May 2, 1840)-v. 1, no. 28 (Nov. 9, 1840) ; new ser., v. 1, no. 1 (Dec. 5, 1840)-new ser., v. 1, no. 51 (Nov. 20, 1841).</subfield></datafield><datafield ind1=" " ind2=" " tag="500"><subfield code="a">Edited by Horace Greeley.</subfield></datafield><datafield ind1=" " ind2=" " tag="500"><subfield code="a">A Whig campaign paper supporting William Henry Harrison for president; in ornament: "Harrison and Tyler."</subfield></datafield><datafield ind1=" " ind2=" " tag="500"><subfield code="a">Includes musical scores.</subfield></datafield><datafield ind1=" " ind2=" " tag="500"><subfield code="a">Published simultaneously at Albany, N.Y. by James Henry, May 2-Nov. 9, 1840.</subfield></datafield><datafield ind1=" " ind2=" " tag="515"><subfield code="a">Includes "extra number" 1 (July 4, 1840) and "extra number" 1-2 (Aug. 29, 1840).</subfield></datafield><datafield ind1=" " ind2=" " tag="515"><subfield code="a">No issues published Nov. 10, 1840-Dec. 4, 1840.</subfield></datafield><datafield ind1=" " ind2=" " tag="515"><subfield code="a">New ser., v. 1, no. 42 (Sept. 18, 1841) not issued; subscribers received instead: New-York weekly tribune, vol. 1, no. 1.</subfield></datafield><datafield ind1=" " ind2=" " tag="530"><subfield code="a">Also issued on microfilm from the Library of Congress, Photoduplication Service.</subfield></datafield><datafield ind1=" " ind2=" " tag="580"><subfield code="a">Daily ed.: New-York tribune (New York, N.Y. : 1841), 1841.</subfield></datafield><datafield ind1=" " ind2=" " tag="588"><subfield code="a">Description based on: Vol. 1, no. 1 (May 2, 1840); title from caption.</subfield></datafield><datafield ind1=" " ind2=" " tag="588"><subfield code="a">Latest issue consulted: New ser., vol. 1, no. 41 (Sept. 11, 1841).</subfield></datafield><datafield ind1=" " ind2="0" tag="651"><subfield code="a">United States</subfield><subfield code="x">Politics and government</subfield><subfield code="y">1837-1841.</subfield></datafield><datafield ind1=" " ind2="0" tag="651"><subfield code="a">New York (N.Y.)</subfield><subfield code="v">Newspapers.</subfield></datafield><datafield ind1=" " ind2="0" tag="651"><subfield code="a">New York County (N.Y.)</subfield><subfield code="v">Newspapers.</subfield></datafield><datafield ind1=" " ind2="0" tag="651"><subfield code="a">Albany (N.Y.)</subfield><subfield code="v">Newspapers.</subfield></datafield><datafield ind1=" " ind2="0" tag="651"><subfield code="a">Albany County (N.Y.)</subfield><subfield code="v">Newspapers.</subfield></datafield><datafield ind1="1" ind2="0" tag="600"><subfield code="a">Harrison, William Henry,</subfield><subfield code="d">1773-1841.</subfield></datafield><datafield ind1=" " ind2="0" tag="650"><subfield code="a">Campaign songs</subfield><subfield code="z">United States.</subfield></datafield><datafield ind1="1" ind2="7" tag="600"><subfield code="a">Harrison, William Henry,</subfield><subfield code="d">1773-1841.</subfield><subfield code="2">fast</subfield><subfield code="0">(OCoLC)fst00166593</subfield></datafield><datafield ind1=" " ind2="7" tag="650"><subfield code="a">Campaign songs.</subfield><subfield code="2">fast</subfield><subfield code="0">(OCoLC)fst00844876</subfield></datafield><datafield ind1=" " ind2="7" tag="650"><subfield code="a">Politics and government</subfield><subfield code="2">fast</subfield><subfield code="0">(OCoLC)fst01919741</subfield></datafield><datafield ind1=" " ind2="7" tag="651"><subfield code="a">New York (State)</subfield><subfield code="z">Albany.</subfield><subfield code="2">fast</subfield><subfield code="0">(OCoLC)fst01225716</subfield></datafield><datafield ind1=" " ind2="7" tag="651"><subfield code="a">New York (State)</subfield><subfield code="z">Albany County.</subfield><subfield code="2">fast</subfield><subfield code="0">(OCoLC)fst01210357</subfield></datafield><datafield ind1=" " ind2="7" tag="651"><subfield code="a">New York (State)</subfield><subfield code="z">New York.</subfield><subfield code="2">fast</subfield><subfield code="0">(OCoLC)fst01204333</subfield></datafield><datafield ind1=" " ind2="7" tag="651"><subfield code="a">New York (State)</subfield><subfield code="z">New York County.</subfield><subfield code="2">fast</subfield><subfield code="0">(OCoLC)fst01234953</subfield></datafield><datafield ind1=" " ind2="7" tag="651"><subfield code="a">United States.</subfield><subfield code="2">fast</subfield><subfield code="0">(OCoLC)fst01204155</subfield></datafield><datafield ind1=" " ind2="7" tag="648"><subfield code="a">1837 - 1841</subfield><subfield code="2">fast</subfield></datafield><datafield ind1=" " ind2="7" tag="655"><subfield code="a">Newspapers.</subfield><subfield code="2">fast</subfield><subfield code="0">(OCoLC)fst01423814</subfield></datafield><datafield ind1="1" ind2=" " tag="700"><subfield code="a">Greeley, Horace,</subfield><subfield code="d">1811-1872.</subfield></datafield><datafield ind1="2" ind2=" " tag="710"><subfield code="a">Whig Party (N.Y.)</subfield></datafield><datafield ind1=" " ind2=" " tag="752"><subfield code="a">United States</subfield><subfield code="b">New York</subfield><subfield code="c">New York</subfield><subfield code="d">New York.</subfield></datafield><datafield ind1=" " ind2=" " tag="752"><subfield code="a">United States</subfield><subfield code="b">New York</subfield><subfield code="c">Albany</subfield><subfield code="d">Albany.</subfield></datafield><datafield ind1="1" ind2=" " tag="775"><subfield code="t">New-York tribune (New York, N.Y. : 1841)</subfield><subfield code="w">(DLC)sn 83030212</subfield><subfield code="w">(OCoLC)9388253</subfield></datafield><datafield ind1="0" ind2="8" tag="776"><subfield code="i">Online version:</subfield><subfield code="t">Log cabin (New York, N.Y. : Online)</subfield><subfield code="w">(OCoLC)192107375</subfield></datafield><datafield ind1="0" ind2="4" tag="785"><subfield code="t">New-York weekly tribune</subfield><subfield code="x">1052-7389</subfield><subfield code="w">(DLC)sn 83030280</subfield><subfield code="w">(OCoLC)4899480</subfield></datafield><datafield ind1=" " ind2=" " tag="938"><subfield code="a">Kirtas Technologies, Inc.</subfield><subfield code="b">KRTS</subfield><subfield code="n">735747</subfield></datafield><datafield ind1="1" ind2=" " tag="029"><subfield code="a">AU@</subfield><subfield code="b">000024737363</subfield></datafield></record>